This file was created with JabRef 2.2.
Encoding: MacRoman

@BOOK{mosteller1964inference,
  title={Inference and disputed authorship: The Federalist},
  author={Mosteller, Frederick and Wallace, David},
  year={1964},
  publisher={Addison-Wesley}
}

@article{de2003feature,
  title={Feature-driven recognition of music styles},
  author={De Le{\'o}n, Pedro J Ponce and Inesta, Jos{\'e} M},
  booktitle={IbPRIA},
  pages={773--781},
  year={2003},
  organization={Springer}
}

@article{CompStyleAttri,
  title={Composer Style Attribution},
  author={Speiser, Jacqueline and Gupta, Vishesh},
  journal={Project Report for CS},
  volume={229}
}

@article{brinkman2016,
  title={Musical Stylometry, Machine Learning, and Attribution Studies: A Semi-Supervised Approach to the Works of Josquin},
  author={Brinkman, Andrew and Shanahan, Daniel and Sapp, Craig}
}
@article{backer2005,
  title={On musical stylometryâ€”a pattern recognition approach},
  author={Backer, Eric and van Kranenburg, Peter},
  journal={Pattern Recognition Letters},
  volume={26},
  number={3},
  pages={299--309},
  year={2005},
  publisher={Elsevier}
}